<?xml version="1.0" encoding="UTF-8"?><collection xmlns="http://www.loc.gov/MARC21/slim"><record><leader>00348nam--2200145-i-4500</leader><controlfield tag="001">000002737</controlfield><controlfield tag="002">20161230</controlfield><controlfield tag="005">20170108224815</controlfield><controlfield tag="008">060222s1000------------r-----000-0-eng-d</controlfield><datafield ind1=" " ind2=" " tag="100"><subfield code="a">Aberdam, H</subfield></datafield><datafield ind1=" " ind2=" " tag="245"><subfield code="a">Amplificateurs a large bande</subfield></datafield><datafield ind1=" " ind2=" " tag="260"><subfield code="a">Paris</subfield><subfield code="b">Editions Chiron</subfield><subfield code="c">1952</subfield></datafield><datafield ind1=" " ind2=" " tag="300"><subfield code="a">213 p</subfield></datafield><datafield ind1=" " ind2=" " tag="852"><subfield code="a">10355</subfield></datafield><datafield ind1=" " ind2=" " tag="CAT"><subfield code="a">SYS</subfield><subfield code="c">20170108</subfield><subfield code="h">224815</subfield></datafield></record></collection>